@online{icx_doc,
  author       = {{Intel Corporation}},
  title        = {Intel® oneAPI DPC++/C++ Compiler Developer Guide and Reference},
  year         = {2024},
  url          = {https://www.intel.com/content/www/us/en/docs/dpcpp-cpp-compiler/developer-guide-reference/2024-2/o-001.html},
  urldate      = {2024-12-27}
}

@online{ccomp_doc,
  author       = {Xavier Leroy},
  title        = {The CompCert C verified compiler, Documentation and user’s manual. Version 3.14},
  year         = {2024},
  url          = {https://compcert.org/man/manual003.html#sec26},
  urldate      = {2024-12-27}
}